<?xml version="1.0" encoding="UTF-8"?><record xmlns="http://www.loc.gov/MARC21/slim" xmlns:cinclude="http://apache.org/cocoon/include/1.0" xmlns:zs="http://www.loc.gov/zing/srw/">
  <leader>00496nz  a2200133n  4500</leader>
  <controlfield tag="001">no2001057279</controlfield>
  <controlfield tag="003">DLC</controlfield>
  <controlfield tag="005">20010721071047.0</controlfield>
  <controlfield tag="008">010720n| acannaabn          |n aaa     c</controlfield>
  <datafield tag="010" ind1=" " ind2=" ">
    <subfield code="a">no2001057279</subfield>
  </datafield>
  <datafield tag="035" ind1=" " ind2=" ">
    <subfield code="a">(OCoLC)oca05538627</subfield>
  </datafield>
  <datafield tag="040" ind1=" " ind2=" ">
    <subfield code="a">MoSU-L</subfield>
    <subfield code="b">eng</subfield>
    <subfield code="c">MoSU-L</subfield>
  </datafield>
  <datafield tag="100" ind1="1" ind2=" ">
    <subfield code="a">Steidl, Rose E.</subfield>
  </datafield>
  <datafield tag="670" ind1=" " ind2=" ">
    <subfield code="a">The ergonomics of environmental design and activity management for the aging, 1972:</subfield>
    <subfield code="b">cover (Rose E. Steidl; Dept. of Design and Environmental Analysis, N.Y. State Coll. of Human Ecology, Cornell U.)</subfield>
  </datafield>
</record>